@inproceedings{GuiradoRRHL06,
  author    = {Fernando Guirado and
               Ana Ripoll and
               Concepci{\'{o}} Roig and
               Aura Hernandez and
               Emilio Luque},
  title     = {Exploiting Throughput for Pipeline Execution in Streaming Image Processing
               Applications},
  booktitle = {Euro-Par 2006, Parallel Processing, 12th International Euro-Par Conference,
               Dresden, Germany, Agosto 28 - Septiembre 1, 2006, Proceedings},
  year      = {2006},
  pages     = {1095--1105}
}

@article{ChenZ14a,
  author    = {C. L. Philip Chen and
               Chun{-}Yang Zhang},
  title     = {Data-intensive applications, challenges, techniques and technologies: {A} survey on {B}ig {D}ata},
  journal   = {Inf. Sci.},
  year      = {2014},
  volume    = {275},
  pages     = {314--347}
}

@misc{samza,
author = {Apache Samza},
title = {Samza},
month = {Septiembre},
year = {2014},
howpublished = {[Online] \url{http://samza.incubator.apache.org/}}
}

@inproceedings{Wenzel14,
  author    = {Stefan Wenzel},
  title     = {App'ification of Enterprise Software: {A} Multiple-Case Study of Big Data Business Applications},
  booktitle = {Business Information Systems - 17th International Conference, {BIS} 2014, Larnaca, Cyprus, Mayo 22-23, 2014. Proceedings},
  year      = {2014},
  pages     = {61--72}
}


@inproceedings{HawwashN14,
author = {Basheer Hawwash and Olfa Nasraoui},
title = {From Tweets to Stories: Using Stream-Dashboard to weave the twitter data stream into dynamic cluster models},
booktitle = {Proceedings of the 3rd International Workshop on Big Data, Streams and Heterogeneous Source Mining: Algorithms, Systems, Programming Models and Applications, BigMine 2014, New York City, USA, Agosto 24, 2014},
year = {2014},
pages = {182--197}
}

@article{Shahrivari14,
  author    = {Saeed Shahrivari},
  title     = {Beyond Batch Processing: Towards Real-Time and Streaming Big Data},
  journal   = {Computing Research Repository},
  year      = {2014},
  volume    = {abs/1403.3375}
}

@inproceedings{AppelFFB12,
  author    = {Stefan Appel and
               Sebastian Frischbier and
               Tobias Freudenreich and
               Alejandro P. Buchmann},
  title     = {Eventlets: Components for the integration of event streams with {SOA}},
  booktitle = {2012 Fifth {IEEE} International Conference on Service-Oriented Computing
               and Applications (SOCA), Taipei, Taiwan, Diciembre 17-19, 2012},
  year      = {2012},
  pages     = {1--9}
}

@book{queueingtheory,
  author    = {Lothar Breuer and
               Dieter Baum},
  title     = {An introduction to queueing theory and matrix-analytic methods},
  year      = {2005},
  publisher = {Springer},
}

@article{web2007oberhelman,
  author    = {David Oberhelman},
  title     = {Coming to terms with {W}eb 2.0},
  journal   = {Reference Reviews},
  year      = {2007},
  volume    = {21},
  pages   = {5--6}
}

@inproceedings{s4yahoo,
  author    = {Leonardo Neumeyer and
               Bruce Robbins and
               Anish Nair and
               Anand Kesari},
  title     = {{S4:} Distributed Stream Computing Platform},
  booktitle = {{ICDMW} 2010, The 10th {IEEE} International Conference on Data Mining
               Workshops, Sydney, Australia, 14 December 2010},
  year      = {2010},
  pages     = {170--177}
}

@misc{s4,
author = {S4},
title = {Distributed Stream Computing Platform},
month = {Junio},
year = {2014},
howpublished = {[Online] \url{http://incubator.apache.org/s4/}}
}

@misc{amazonec2,
author = {Amazon Web Services},
title = {Amazon Elastic Compute Cloud (EC2)},
moth = {Septiembre},
year = {2015},
howpublished = {[Online] \url{https://aws.amazon.com/ec2/}}
}

@misc{stormtwitter,
author = {Storm},
title = {Distributed and fault-tolerant realtime computation},
month = {Febrero},
year = {2014},
howpublished = {[Online] \url{http://storm.incubator.apache.org/}}
}

@misc{stormtwitterdoc,
author = {Storm Documentation},
title = {Understanding the parallelism of a Storm topology},
month = {Octubre},
year = {2014},
howpublished = {[Online] \url{http://storm.incubator.apache.org/documentation/Understanding-the-parallelism-of-a-Storm-topology.html}}
}

@inproceedings{ThiesKA02,
  author    = {William Thies and
               Michal Karczmarek and
               Saman P. Amarasinghe},
  title     = {StreamIt: {A} Language for Streaming Applications},
  booktitle = {Compiler Construction, 11th International Conference, {CC} 2002, Held
               as Part of the Joint European Conferences on Theory and Practice of
               Software, {ETAPS} 2002, Grenoble, France, April 8-12, 2002, Proceedings},
  year      = {2002},
  pages     = {179--196}
}


@article{GedikSHW14,
  author    = {Bugra Gedik and
               Scott Schneider and
               Martin Hirzel and
               Kun{-}Lung Wu},
  title     = {Elastic Scaling for Data Stream Processing},
  journal   = {{IEEE} Trans. Parallel Distrib. Syst.},
  year      = {2014},
  volume    = {25},
  number    = {6},
  pages     = {1447--1463}
}

@inproceedings{NguyenSGSW13,
  author    = {Hiep Nguyen and
               Zhiming Shen and
               Xiaohui Gu and
               Sethuraman Subbiah and
               John Wilkes},
  title     = {{AGILE:} Elastic Distributed Resource Scaling for Infrastructure-as-a-Service},
  booktitle = {10th International Conference on Autonomic Computing, ICAC'13, San
               Jose, CA, USA, June 26-28, 2013},
  year      = {2013},
  pages     = {69--82}
}


@inproceedings{XuCTS14,
  author    = {Jielong Xu and
               Zhenhua Chen and
               Jian Tang and
               Sen Su},
  title     = {T-Storm: Traffic-Aware Online Scheduling in Storm},
  booktitle = {{IEEE} 34th International Conference on Distributed Computing Systems,
               {ICDCS} 2014, Madrid, Spain, June 30 - July 3, 2014},
  year      = {2014},
  pages     = {535--544}
}

@inproceedings{IshiiS11,
  author    = {Atsushi Ishii and
               Toyotaro Suzumura},
  title     = {Elastic Stream Computing with Clouds},
  booktitle = {{IEEE} International Conference on Cloud Computing, {CLOUD} 2011,
               Washington, DC, USA, 4-9 July, 2011},
  year      = {2011},
  pages     = {195--202}
}

@inproceedings{FernandezMKP13,
  author    = {Raul Castro Fernandez and
               Matteo Migliavacca and
               Evangelia Kalyvianaki and
               Peter Pietzuch},
  title     = {Integrating scale out and fault tolerance in stream processing using
               operator state management},
  booktitle = {Proceedings of the {ACM} {SIGMOD} International Conference on Management
               of Data, {SIGMOD} 2013, New York, NY, USA, June 22-27, 2013},
  year      = {2013},
  pages     = {725--736}
}

@inproceedings{Ganguly09,
  author    = {Sumit Ganguly},
  title     = {Deterministically Estimating Data Stream Frequencies},
  booktitle = {Combinatorial Optimization and Applications, Third International Conference,
               {COCOA} 2009, Huangshan, China, June 10-12, 2009. Proceedings},
  year      = {2009},
  pages     = {301--312}
}

@inproceedings{XingZH05,
  author    = {Ying Xing and
               Stanley B. Zdonik and
               Jeong{-}Hyon Hwang},
  title     = {Dynamic Load Distribution in the Borealis Stream Processor},
  booktitle = {Proceedings of the 21st International Conference on Data Engineering,
               {ICDE} 2005, 5-8 April 2005, Tokyo, Japan},
  year      = {2005},
  pages     = {791--802}
}

@inproceedings{SchneiderAGBW09,
  author    = {Scott Schneider and
               Henrique Andrade and
               Bugra Gedik and
               Alain Biem and
               Kun{-}Lung Wu},
  title     = {Elastic scaling of data parallel operators in stream processing},
  booktitle = {23rd {IEEE} International Symposium on Parallel and Distributed Processing,
               {IPDPS} 2009, Rome, Italy, May 23-29, 2009},
  year      = {2009},
  pages     = {1--12}
}

@inproceedings{MadsenTZ14,
  author    = {Kasper Grud Skat Madsen and
               Philip Thyssen and
               Yongluan Zhou},
  title     = {Integrating fault-tolerance and elasticity in a distributed data stream
               processing system},
  booktitle = {Conference on Scientific and Statistical Database Management, {SSDBM} '14, Aalborg, Denmark, June 30 - July 02, 2014},
  year      = {2014},
  pages     = {48}
}

@misc{Dong06schedulingalgorithms,
    author = {Fangpeng Dong and Selim G. Akl},
    title = {Scheduling Algorithms for Grid Computing: State of the Art and Open Problems},
    year = {2006}
}

@article{CasavantK88,
  author    = {Thomas L. Casavant and
               Jon G. Kuhl},
  title     = {A Taxonomy of Scheduling in General-Purpose Distributed Computing
               Systems},
  journal   = {{IEEE} Trans. Software Eng.},
  year      = {1988},
  volume    = {14},
  number    = {2},
  pages     = {141--154}
}

@book{bookstorm,
  author    = {Jonathan Leibiusky and
               Gabriel Eisbruch and
               Dario Simonassi},
  title     = {Getting Started with Storm - Continuous Streaming Computation with
               Twitter's Cluster Technology},
  year      = {2012},
  publisher = {O'Reilly}
}

@article{DongTS07,
  author    = {Min Dong and
               Lang Tong and
               Brian M. Sadler},
  title     = {Information Retrieval and Processing in Sensor Networks: Deterministic Scheduling Versus Random Access},
  journal   = {{IEEE} Transactions on Signal Processing},
  year      = {2007},
  volume    = {55},
  number    = {12},
  pages     = {5806--5820}
}

@inproceedings{BhuvanagiriGKS06,
  author    = {Lakshminath Bhuvanagiri and
               Sumit Ganguly and
               Deepanjan Kesh and
               Chandan Saha},
  title     = {Simpler algorithm for estimating frequency moments of data streams},
  booktitle = {Proceedings of the Seventeenth Annual {ACM-SIAM} Symposium on Discrete
               Algorithms, {SODA} 2006, Miami, Florida, USA, January 22-26, 2006},
  year      = {2006},
  pages     = {708--713}
}

@inproceedings{RogawayS04,
  author    = {Phillip Rogaway and
               Thomas Shrimpton},
  title     = {Cryptographic Hash-Function Basics: Definitions, Implications, and
               Separations for Preimage Resistance, Second-Preimage Resistance, and
               Collision Resistance},
  booktitle = {Fast Software Encryption, 11th International Workshop, {FSE} 2004,
               Delhi, India, February 5-7, 2004, Revised Papers},
  year      = {2004},
  pages     = {371--388}
}

@article{SheuC09,
  author    = {Tsang{-}Ling Sheu and
               Yung{-}Shih Chi},
  title     = {Intelligent Stale-Frame Discards for Real-Time Video Streaming over
               Wireless Ad Hoc Networks},
  journal   = {{EURASIP} J. Wireless Comm. and Networking},
  year      = {2009},
  volume    = {2009}
}

@book{bookDistrSys,
  author    = {Kenneth P. Birman},
  title     = {Guide to Reliable Distributed Systems - Building High-Assurance Applications and Cloud-Hosted Services},
  series    = {Texts in Computer Science},
  year      = {2012},
  publisher = {Springer}
}

@book{bookScheduling,
  author    = {Peter Brucker},
  title     = {Scheduling algorithms},
  year      = {2004},
  publisher = {Springer}
}

@book{bookTanenbaum,
  author    = {Andrew S. Tanenbaum and
               Maarten van Steen},
  title     = {Distributed {S}ystems - {P}rinciples and paradigms},
  year      = {2007},
  publisher = {Pearson Education},
  isbn      = {978-0-13-239227-3}
}

@inproceedings{PittauACA07,
  author    = {Michele Pittau and
               Andrea Alimonda and
               Salvatore Carta and
               Andrea Acquaviva},
  title     = {Impact of Task Migration on Streaming Multimedia for Embedded Multiprocessors:
               {A} Quantitative Evaluation},
  booktitle = {Proceedings of the 2007 5th Workshop on Embedded Systems for Real-Time
               Multimedia, ESTImedia 2007, October 4-5, Salzburg, Austria, conjunction
               with {CODES+ISSS} 2007},
  year      = {2007},
  pages     = {59--64}
}

@article{GulisanoJPSV12,
  author    = {Vincenzo Gulisano and
               Ricardo Jim{\'{e}}nez{-}Peris and
               Marta Pati{\~{n}}o{-}Mart{\'{\i}}nez and
               Claudio Soriente and
               Patrick Valduriez},
  title     = {StreamCloud: An Elastic and Scalable Data Streaming System},
  journal   = {{IEEE} Trans. Parallel Distrib. Syst.},
  year      = {2012},
  volume    = {23},
  number    = {12},
  pages     = {2351--2365}
}

@inproceedings{GongGW10,
  author    = {Zhenhuan Gong and
               Xiaohui Gu and
               John Wilkes},
  title     = {{PRESS:} PRedictive Elastic ReSource Scaling for cloud systems},
  booktitle = {Proceedings of the 6th International Conference on Network and Service
               Management, {CNSM} 2010, Niagara Falls, Canada, October 25-29, 2010},
  year      = {2010},
  pages     = {9--16}
}

@book{Papoulis1984,
    author = {Athanasios Papoulis and Unnikrishna Pillai},
    publisher = {Mc-Graw Hill},
    title = {Probability, {R}andom {V}ariables, and {S}tochastic {P}rocesses},
    year = {1984}
}

@article{StonebrakerCZ05,
  author    = {Michael Stonebraker and
               Ugur {\c{C}}etintemel and
               Stanley B. Zdonik},
  title     = {The 8 requirements of real-time stream processing},
  journal   = {{SIGMOD} Record},
  year      = {2005},
  volume    = {34},
  number    = {4},
  pages     = {42--47}
}

@article{hernandez2010metodologia,
  title={Metodolog{\'\i}a de la investigaci{\'o}n},
  author={Roberto Hern{\'a}ndez Sampieri and Carlos Fern{\'a}ndez Collado and Pilar Baptista Lucio},
  journal={M{\'e}xico: Editorial Mc Graw Hill},
  year={2010}
}

@inproceedings{Alves2010flood,
 author = {David Alves and Pedro Bizarro and Paulo Marques},
 title = {Flood: Elastic Streaming MapReduce},
 booktitle = {Proceedings of the Fourth ACM International Conference on Distributed Event-Based Systems},
 year = {2010},
 location = {Cambridge, United Kingdom},
 pages = {113--114}
}

@inproceedings{Gupta99loadsharing,
    author = {Deepak Gupta and Pradip Bepari},
    title = {Load Sharing in Distributed Systems},
    booktitle = {In Proceedings of the National Workshop on Distributed Computing},
    year = {1999}
}

@article{aurora,
  author    = {Daniel J. Abadi and
               Donald Carney and
               Ugur {\c{C}}etintemel and
               Mitch Cherniack and
               Christian Convey and
               Sangdon Lee and
               Michael Stonebraker and
               Nesime Tatbul and
               Stanley B. Zdonik},
  title     = {Aurora: a new model and architecture for data stream management},
  journal   = {{VLDB} J.},
  volume    = {12},
  number    = {2},
  pages     = {120--139},
  year      = {2003}
}

@book{andrade2014fundamentals,
  title={Fundamentals of {S}tream {P}rocessing: {A}pplication {D}esign, {S}ystems, and {A}nalytics},
  author={Henrique Andrade and Bu{\u{g}}ra Gedik and Deepak Turaga},
  year={2014},
  publisher={Cambridge University Press}
}

@book{taylor2014introduction,
  title={An introduction to stochastic modeling},
  author={Howard M Taylor and Samuel Karlin},
  year={2014},
  publisher={Academic press}
}

@article{de1978calculus,
  title={Calculus for the life sciences},
  author={Rodolfo De Sapio},
  year={1978}
}

@article{falk2012first,
  title={A first course on time series analysis: examples with SAS},
  author={Michael Falk and 
  		 Frank Marohn and
  		 Ren{\'e} Michel and
  		 Daniel Hofmann and
  		 Maria Macke and
  		 Bernward Tewes and
  		 Peter Dinges},
  year={2012}
}

@book{ching2006markov,
  title={Markov chains},
  author={Wai Ki Ching and Michael K Ng},
  year={2006},
  publisher={Springer}
}

@book{bose2013introduction,
  title={An introduction to queueing systems},
  author={Bose, Sanjay K},
  year={2013},
  publisher={Springer Science \& Business Media}
}

@inproceedings{LehrigEB15,
  author    = {Sebastian Lehrig and
               Hendrik Eikerling and
               Steffen Becker},
  title     = {Scalability, Elasticity, and Efficiency in Cloud Computing: a Systematic
               Literature Review of Definitions and Metrics},
  booktitle = {Proceedings of the 11th International {ACM} {SIGSOFT} Conference on
               Quality of Software Architectures, QoSA'15 (part of CompArch 2015),
               Montreal, QC, Canada, May 4-8, 2015},
  pages     = {83--92},
  year      = {2015}
}

@article{HirzelSSGG13,
  author    = {Martin Hirzel and
               Robert Soul{\'{e}} and
               Scott Schneider and
               Bugra Gedik and
               Robert Grimm},
  title     = {A catalog of stream processing optimizations},
  journal   = {{ACM} Comput. Surv.},
  volume    = {46},
  number    = {4},
  pages     = {46:1--46:34},
  year      = {2013}
}

@article{sturm2000foundations,
  title={Foundations of {S}ervice {L}evel {M}anagement},
  author={Rick Sturm and Wayne Morris and Mary Jander},
  year={2000},
  publisher={Sams publishing}
}


@article{KarpSP03,
  author    = {Richard M. Karp and
               Scott Shenker and
               Christos H. Papadimitriou},
  title     = {A simple algorithm for finding frequent elements in streams and bags},
  journal   = {{ACM} Trans. Database Syst.},
  volume    = {28},
  pages     = {51--55},
  year      = {2003}
}

@book{mattmann2011tika,
  title={Tika in action},
  author={Mattmann, Chris and Zitting, Jukka},
  year={2011},
  publisher={Manning Publications Co.}
}

@book{chodorow2013mongodb,
  title={MongoDB: The definitive guide},
  author={Kristina Chodorow},
  year={2013},
  publisher={O'Reilly Media, Inc}
}

@book{2010Lin,
  author    = {Jimmy Lin and
               Chris Dyer},
  title     = {Data-Intensive Text Processing with MapReduce},
  booktitle = {Data-Intensive Text Processing with MapReduce},
  series    = {Synthesis Lectures on Human Language Technologies},
  publisher = {Morgan {\&} Claypool Publishers},
  year      = {2010}
}

@book{ChakravarthyJ09,
  author    = {Sharma Chakravarthy and
               Qingchun Jiang},
  title     = {Stream Data Processing: {A} Quality of Service Perspective - Modeling,
               Scheduling, Load Shedding, and Complex Event Processing},
  series    = {Advances in Database Systems},
  volume    = {36},
  publisher = {Kluwer},
  year      = {2009}
}

@inproceedings{HuntKJR10,
  author    = {Patrick Hunt and
               Mahadev Konar and
               Flavio Paiva Junqueira and
               Benjamin Reed},
  title     = {ZooKeeper: Wait-free Coordination for Internet-scale Systems},
  booktitle = {2010 {USENIX} Annual Technical Conference, Boston, MA, USA, June 23-25,
               2010},
  year      = {2010}
}

@inproceedings{MiaoYJ14,
  author    = {Rui Miao and
               Minlan Yu and
               Navendu Jain},
  title     = {{NIMBUS:} cloud-scale attack detection and mitigation},
  booktitle = {{ACM} {SIGCOMM} 2014 Conference, SIGCOMM'14, Chicago, IL, USA, August
               17-22, 2014},
  pages     = {121--122},
  year      = {2014}
}

@article{X11cp,
  author    = {Xiaoming Wang and
               Dmitri Loguinov},
  title     = {Load-balancing performance of consistent hashing: asymptotic analysis
               of random node join},
  journal   = {{IEEE/ACM} Trans. Netw.},
  volume    = {15},
  number    = {4},
  pages     = {892--905},
  year      = {2007}
}

@article{ibm2005architectural,
  title={An architectural blueprint for autonomic computing},
  author={J Kephart and J Kephart and D Chess and Cras Boutilier and Rajarshi Das and Jeffrey O Kephart and William E Walsh},
  journal={IBM White paper},
  year={2005}
}

@book{rushton2010handbook,
  title={The handbook of logistics and distribution management},
  author={Alan Rushton},
  year={2010},
  publisher={Kogan Page Publishers}
}

@article{mcquarrie12statistical,
  author={Donald Allan McQuarrie},
  title={Statistical Mechanics},
  journal={University Science Books},
  volume={12},
  pages={641},
  year={2000}
}

@book{soong2004fundamentals,
  title={Fundamentals of probability and statistics for engineers},
  author={Soong, Tsu T},
  year={2004},
  publisher={John Wiley \& Sons}
}

@book{bookMohri2012,
  author    = {Mehryar Mohri and
               Afshin Rostamizadeh and
               Ameet Talwalkar},
  title     = {Foundations of Machine Learning},
  series    = {Adaptive computation and machine learning},
  publisher = {{MIT} Press},
  year      = {2012}
}

@book{Menin2002SMH,
 author = {Eyal Menin},
 title = {The Streaming Media Handbook},
 year = {2002},
 publisher = {Pearson Education},
}

@book{Schroeder91,
  author    = {Manfred Schroeder},
  title     = {Fractals, Chaos, Power Laws: Minutes From an Infinite Paradise},
  publisher = {W. H. Freeman},
  year      = {1991}
}

@book{kelly2014elasticity,
  author    = {Kelly Goetsch},
  title     = {eCommerce in the Cloud - Bringing Elasticity to eCommerce},
  publisher = {O'Reilly},
  year      = {2014}
}

@article{cooper1972introduction,
  title={Introduction to queueing theory},
  author={Robert B Cooper},
  year={1972},
  publisher={Macmillan}
}

@inproceedings{ArasuCGMMRST04,
  author    = {Arvind Arasu and
               Mitch Cherniack and
               Eduardo F. Galvez and
               David Maier and
               Anurag Maskey and
               Esther Ryvkina and
               Michael Stonebraker and
               Richard Tibbetts},
  title     = {Linear Road: {A} Stream Data Management Benchmark},
  booktitle = {(e)Proceedings of the Thirtieth International Conference on Very Large
               Data Bases, Toronto, Canada, August 31 - September 3 2004},
  pages     = {480--491},
  year      = {2004}
}

@misc{jacob2004practical,
  title={A practical guide to the IBM autonomic computing toolkit},
  author={Bart Jacob and Richard Lanyon-Hogg and Devaprasad K. Nadgir and Amr F. Yassin},
  year={2004},
  publisher={IBM, International Technical Support Organization}
}

@inproceedings{WuKWO12,
  author    = {Sai Wu and
               Vibhore Kumar and
               Kun{-}Lung Wu and
               Beng Chin Ooi},
  title     = {Parallelizing stateful operators in a distributed stream processing
               system: how, should you and how much?},
  booktitle = {Proceedings of the Sixth {ACM} International Conference on Distributed
               Event-Based Systems, {DEBS} 2012, Berlin, Germany, July 16-20, 2012},
  pages     = {278--289},
  year      = {2012}
}